<record><leader>00000cas a22000007a 4500</leader><controlfield tag="001">26328986</controlfield><controlfield tag="008">920804d18uu19uumoudr ne      0    0eng d</controlfield><datafield ind1=" " ind2=" " tag="010"><subfield code="a">sn 92058900 </subfield></datafield><datafield ind1=" " ind2=" " tag="040"><subfield code="a">MQN</subfield><subfield code="b">eng</subfield><subfield code="c">MQN</subfield><subfield code="d">OCLCQ</subfield></datafield><datafield ind1="0" ind2=" " tag="130"><subfield code="a">Peirce City democrat (Pierce City, Mo. : Daily)</subfield></datafield><datafield ind1="1" ind2="0" tag="245"><subfield code="a">Peirce City democrat.</subfield></datafield><datafield ind1="3" ind2="0" tag="246"><subfield code="a">Pierce City democrat</subfield></datafield><datafield ind1=" " ind2=" " tag="260"><subfield code="a">Peirce City [Pierce City] Mo. :</subfield><subfield code="b">Smith &amp; Jones</subfield></datafield><datafield ind1=" " ind2=" " tag="300"><subfield code="a">v.</subfield></datafield><datafield ind1=" " ind2=" " tag="310"><subfield code="a">Daily (except Sun.)</subfield></datafield><datafield ind1=" " ind2=" " tag="588"><subfield code="a">Description based on: Vol. 4, no. 268 (Apr. 6, 1888).</subfield></datafield><datafield ind1=" " ind2=" " tag="752"><subfield code="a">United States</subfield><subfield code="b">Missouri</subfield><subfield code="c">Lawrence</subfield><subfield code="d">Pierce City.</subfield></datafield><datafield ind1=" " ind2=" " tag="752"><subfield code="a">United States</subfield><subfield code="b">Missouri</subfield><subfield code="c">Lawrence</subfield><subfield code="d">Peirce City.</subfield></datafield><datafield ind1="0" ind2=" " tag="775"><subfield code="t">Peirce City democrat</subfield><subfield code="w">(DLC)sn 89066530</subfield></datafield></record>